<record xmlns='http://www.loc.gov/MARC21/slim'><leader>01381cim a22003612u 4500</leader><controlfield tag='001'>3604647</controlfield><controlfield tag='005'>20151214183435.0</controlfield><controlfield tag='007'>ss|lmnjluz|nuu</controlfield><controlfield tag='008'>991101s1989    nyunnn         l    eng d</controlfield><datafield ind1=' ' ind2=' ' tag='035'><subfield code='a'>(NIC)notisASG1712</subfield></datafield><datafield ind1=' ' ind2=' ' tag='035'><subfield code='a'>3604647</subfield></datafield><datafield ind1=' ' ind2=' ' tag='035'><subfield code='a'>(OCoLC)63903140</subfield></datafield><datafield ind1=' ' ind2=' ' tag='040'><subfield code='a'>NIC</subfield><subfield code='c'>NIC</subfield><subfield code='d'>NIC</subfield><subfield code='d'>NIC</subfield></datafield><datafield ind1='1' ind2=' ' tag='100'><subfield code='a'>Heiferman, Marvin.</subfield></datafield><datafield ind1='1' ind2='0' tag='245'><subfield code='a'>Under the influence: art, photography and media culture</subfield><subfield code='h'>[sound recording]</subfield></datafield><datafield ind1=' ' ind2=' ' tag='260'><subfield code='c'>1989.</subfield></datafield><datafield ind1=' ' ind2=' ' tag='300'><subfield code='a'>1 sound cassette (43 min.) :</subfield><subfield code='b'>analog, mono.</subfield></datafield><datafield ind1=' ' ind2=' ' tag='500'><subfield code='a'>Recorded in Ithaca, NY by Cornell University.</subfield></datafield><datafield ind1=' ' ind2=' ' tag='500'><subfield code='a'>Sponsored by: Herbert F. Johnson Museum of Art.</subfield></datafield><datafield ind1=' ' ind2=' ' tag='500'><subfield code='a'>Speaker(s): Curator, writer and book editor.</subfield></datafield><datafield ind1=' ' ind2=' ' tag='518'><subfield code='a'>Lecture, April 29, 1989.</subfield></datafield><datafield ind1=' ' ind2=' ' tag='520'><subfield code='a'>Heiferman describes the uses of photography by the media and shows how the study of photography can be, in actuality, a historical review.</subfield></datafield><datafield ind1=' ' ind2='0' tag='650'><subfield code='a'>Photojournalism.</subfield></datafield><datafield ind1=' ' ind2='0' tag='650'><subfield code='a'>Semiotics and the arts.</subfield></datafield><datafield ind1=' ' ind2='0' tag='650'><subfield code='a'>Art and history.</subfield></datafield><datafield ind1=' ' ind2='7' tag='650'><subfield code='a'>Art and history</subfield><subfield code='2'>fast</subfield><subfield code='0'>(OCoLC)fst00815396</subfield></datafield><datafield ind1=' ' ind2='7' tag='650'><subfield code='a'>Photojournalism</subfield><subfield code='2'>fast</subfield><subfield code='0'>(OCoLC)fst01062022</subfield></datafield><datafield ind1=' ' ind2='7' tag='650'><subfield code='a'>Semiotics and the arts</subfield><subfield code='2'>fast</subfield><subfield code='0'>(OCoLC)fst01112371</subfield></datafield><datafield ind1=' ' ind2='0' tag='830'><subfield code='a'>Crosscurrents: art images/commercial images.</subfield></datafield><datafield ind1=' ' ind2='0' tag='830'><subfield code='a'>Arthur S. Penn photography symposia.</subfield></datafield><datafield ind1='1' ind2=' ' tag='899'><subfield code='a'>CULectures</subfield></datafield><datafield ind1=' ' ind2=' ' tag='905'><subfield code='a'>20000215120000.0</subfield></datafield><datafield ind1='2' ind2=' ' tag='948'><subfield code='a'>20141221</subfield><subfield code='b'>m</subfield><subfield code='d'>batch</subfield><subfield code='e'>lts</subfield><subfield code='x'>addfast</subfield></datafield></record>